@article{pandit2022,
    Author = {S. Pandit and R. Sharma},
    Title = {Non invasive assessment of human oocytes and embryos in assisted reproduction: Review on present practices and future trends},
    Journal = {Medical Journal Armed Forces India},
    Year = {2022},
    Volume = {78},
    Number = {1},
    Pages = {7-16},
    Month = {January},
    DOI = {10.1016/j.mjafi.2021.04.002},
    URL = {https://pubmed.ncbi.nlm.nih.gov/35035038/},
    Note = {Epub 2021 Aug 9. PMID: 35035038; PMCID: PMC8737104.}
}

@article{montagnini2010,
    Author = {Helena Maria Loureiro Montagnini and Sérgio Luís Blay and Neil Ferreira Novo and Vilmon de Freitas and Agnaldo Pereira Cedenho},
    Title = {Estados emocionais de casais submetidos à fertilização in vitro},
    Year = {2010},
    Journal = {Revista Brasileira de Ginecologia e Obstetrícia},
    Note = {Informações detalhadas do volume, número e páginas não fornecidas. Adicione caso disponíveis.},
    URL = {https://www.scielo.br/j/estpsi/a/hHphXxpTdNzZHt3PGqL3c7j/}
}

@article{ping2023,
    Author = {Ping Ping and Yulin Liu and Zhong Zheng and Yi Ma and Fan Dong and Xiangfeng Chen},
    Title = {Association of embryo aneuploidy and sperm DNA damage in unexplained recurrent implantation failure patients under NGS-based PGT-A cycles},
    Journal = {Archives of Gynecology and Obstetrics},
    Year = {2023},
    Volume = {308},
    Pages = {997-1005},
    DOI = {10.1007/s00404-023-07098-2},
    URL = {https://link.springer.com/article/10.1007/s00404-023-07098-2},
    Note = {Acesso em: 27 set. 2024.}
}

@misc{scienceofbiogenetics2024,
    Author = {Science of Biogenetics},
    Title = {Understanding genetic factors behind miscarriage and how they affect pregnancy},
    Year = {2024},
    URL = {https://scienceofbiogenetics.com/articles/understanding-genetic-factors-behind-miscarriage-and-how-they-affect-pregnancy},
    Note = {Acesso em: 27 set. 2024.}
}

@article{yang2024,
    Author = {Hui Yang and Andrew T. Dewan and Mayur M. Desai and Sten H. Vermund},
    Title = {Preimplantation genetic testing for aneuploidy: challenges in clinical practice},
    Journal = {Nature Reviews Genetics},
    Year = {2024},
    Volume = {25},
    Number = {1},
    Pages = {30-45},
    DOI = {10.1038/s41576-023-00588-3},
    URL = {https://doi.org/10.1038/s41576-023-00588-3},
    Note = {Acesso em: 26 set. 2024.}
}

@article{salame2024,
    Author = {A. A. Salame and M. J. Zhaffal and B. Peramo},
    Title = {Early pregnancy loss in IVF: a literature review},
    Journal = {Middle East Fertility Society Journal},
    Year = {2024},
    Volume = {29},
    Pages = {30},
    DOI = {10.1186/s43043-024-00191-9},
    URL = {https://doi.org/10.1186/s43043-024-00191-9}
}

@article{rodgaard2015,
    Author = {Tina Rødgaard and Peter M.H. Heegaard and Henrik Callesen},
    Title = {Non-invasive assessment of in-vitro embryo quality to improve transfer success},
    Journal = {Reproductive BioMedicine Online},
    Year = {2015},
    Volume = {31},
    Number = {5},
    Pages = {585--592},
    URL = {https://doi.org/10.1016/j.rbmo.2015.08.003},
    Publisher = {Elsevier},
}
